@article{placeholderref,
  title={A Randomized Approach to Generating Bibliographic Entries},
  author={Smith, John and Johnson, Emily},
  journal={Journal of Random Research},
  volume={42},
  number={3},
  pages={100-120},
  year={2023},
  publisher={Random Publications}
}
